@article{papert1980mindstorms,
  title={Mindstorms: Children, computers, and powerful ideas},
  author={Papert, Seymour},
  year={1980},
  publisher={Basic Books},
  address={New York}
}

@article{wing2006computational,
  title={Computational thinking},
  author={Wing, Jeannette M},
  journal={Communications of the ACM},
  volume={49},
  number={3},
  pages={33--35},
  year={2006},
  publisher={ACM}
}

@inproceedings{resnick2009scratch,
  title={Scratch: Programming for all},
  author={Resnick, Mitchel and Maloney, John and Monroy-Hern{\'a}ndez, Andr{\'e}s and Rusk, Natalie and Eastmond, Evelyn and Brennan, Karen and Millner, Amon and Rosenbaum, Eric and Silver, Jay and Silverman, Brian and others},
  booktitle={Communications of the ACM},
  volume={52},
  number={11},
  pages={60--67},
  year={2009},
  publisher={ACM}
}

@article{ishii2008tangible,
  title={Tangible user interfaces: past, present, and future directions},
  author={Ishii, Hiroshi},
  journal={Communications of the ACM},
  volume={51},
  number={6},
  pages={32--36},
  year={2008},
  publisher={ACM}
}

@inproceedings{bau2009alphablocks,
  title={AlphaBlocks: a tangible programming language for children},
  author={Bau, David and Gray, Jeff and Kelleher, Caitlin and Sheldon, Josh and Turbak, Franklyn},
  booktitle={Proceedings of the 8th International Conference on Interaction Design and Children},
  pages={170--177},
  year={2009}
}

@article{marshall2007fight,
  title={Do tangible interfaces enhance learning?},
  author={Marshall, Paul},
  journal={Proceedings of the 1st international conference on Tangible and embedded interaction},
  pages={163--170},
  year={2007}
}

@inproceedings{mcnerney2004tern,
  title={From turtles to tangible programming bricks: explorations in physical language design},
  author={McNerney, Timothy S},
  booktitle={Personal and Ubiquitous Computing},
  volume={8},
  number={5},
  pages={326--337},
  year={2004}
}

@article{benitti2012exploring,
  title={Exploring the educational potential of robotics in schools: A systematic review},
  author={Benitti, Fabiane Barreto Vavassori},
  journal={Computers \& Education},
  volume={58},
  number={3},
  pages={978--988},
  year={2012},
  publisher={Elsevier}
}

@inproceedings{atmatzidou2017educational,
  title={Educational robotics: A literature review},
  author={Atmatzidou, Sophia and Demetriadis, Stavros},
  booktitle={Advances in intelligent systems and computing},
  volume={560},
  pages={72--85},
  year={2017},
  publisher={Springer}
}

@article{yadav2014computational,
  title={Computational thinking in elementary and secondary teacher education},
  author={Yadav, Aman and Hong, Neil and Stephenson, Chris},
  journal={ACM Transactions on Computing Education},
  volume={14},
  number={1},
  pages={1--16},
  year={2014},
  publisher={ACM}
}

@inproceedings{horn2009comparing,
  title={Comparing the use of tangible and graphical programming languages for informal science education},
  author={Horn, Michael S and Solovey, Erin Treacy and Crouser, R Jordan and Jacob, Robert JK},
  booktitle={Proceedings of the SIGCHI Conference on Human Factors in Computing Systems},
  pages={975--984},
  year={2009}
}

@article{suzuki1999interaction,
  title={Interaction design and children},
  author={Suzuki, Hiroshi and Kato, Hiroshi},
  journal={Communications of the ACM},
  volume={42},
  number={5},
  pages={39--41},
  year={1999}
}

@inproceedings{raffle2004topobo,
  title={Topobo: a constructive assembly system with kinetic memory},
  author={Raffle, Hayes and Parkes, Amanda and Ishii, Hiroshi},
  booktitle={Proceedings of the SIGCHI conference on Human factors in computing systems},
  pages={647--654},
  year={2004}
}

@article{grover2013computational,
  title={Computational thinking in K--12: A review of the state of the field},
  author={Grover, Shuchi and Pea, Roy},
  journal={Educational researcher},
  volume={42},
  number={1},
  pages={38--43},
  year={2013},
  publisher={Sage Publications}
}

@inproceedings{blikstein2013digital,
  title={Digital fabrication and 'making' in education: The democratization of invention},
  author={Blikstein, Paulo},
  booktitle={FabLabs: Of machines, makers and inventors},
  volume={4},
  pages={1--21},
  year={2013}
}

@article{sullivan2013robots,
  title={Robots in the classroom: Teaching young children to program with robotics},
  author={Sullivan, Amanda and Kazakoff, Elizabeth R and Bers, Marina Umaschi},
  journal={Childhood Education},
  volume={89},
  number={6},
  pages={380--389},
  year={2013},
  publisher={Taylor \& Francis}
}

@inproceedings{kazakoff2011putcode,
  title={PutCode: Creating tangible programming blocks for young children},
  author={Kazakoff, Elizabeth R and Sullivan, Amanda and Bers, Marina Umaschi},
  booktitle={Proceedings of the 10th International Conference on Interaction Design and Children},
  pages={75--84},
  year={2011}
}

@article{price2003comparison,
  title={A comparison of input devices for precision drawing tasks},
  author={Price, Sara and Rogers, Yvonne and Scaife, Mike and Stanton, Danae and Neale, Helen},
  journal={Interacting with computers},
  volume={15},
  number={5},
  pages={613--649},
  year={2003},
  publisher={Elsevier}
}

@inproceedings{wellman2016flowblocks,
  title={FlowBlocks: A multi-touch UI for crowd-sourcing semantic parsers},
  author={Wellman, Colin and Prithviraj, Sen and Singh, Sameer},
  booktitle={Proceedings of the 54th Annual Meeting of the Association for Computational Linguistics},
  pages={64--69},
  year={2016}
}

@article{zuckerman2005extending,
  title={Extending tangible interfaces for education: digital montessori-inspired manipulatives},
  author={Zuckerman, Oren and Arida, Saeed and Resnick, Mitchel},
  journal={Proceedings of the SIGCHI conference on Human factors in computing systems},
  pages={859--868},
  year={2005}
}

@inproceedings{sipitakiat2004robologo,
  title={RoboLogo: a programming language for robotic toys},
  author={Sipitakiat, Arnan and Blikstein, Paulo and Cavallo, David P},
  booktitle={Proceedings of the 6th international conference on Learning sciences},
  pages={480--487},
  year={2004}
}

@article{kafai2014connected,
  title={Connected code: Why children need to learn programming},
  author={Kafai, Yasmin B and Burke, Quinn},
  year={2014},
  publisher={MIT Press}
}

@inproceedings{robinson2005lessons,
  title={Lessons learned: Designing robot programming environments for novice users},
  author={Robinson, Michael},
  booktitle={2005 IEEE International Conference on Robotics and Automation},
  pages={4842--4847},
  year={2005},
  publisher={IEEE}
}

@article{kim2015computational,
  title={Computational thinking, computer programming, and computer science in K-12 schools},
  author={Kim, Chanki and Yuan, Jun and Hill, Richard B and Doshi, Kamal and Thai, Cuong N and Rushin, John and Carpenter, Richard},
  journal={Technology and Engineering Teacher},
  volume={74},
  number={7},
  pages={8--14},
  year={2015}
}

@inproceedings{baloian2013robotics,
  title={A framework for collaborative robotic instruction},
  author={Baloian, Nelson and Breuer, Horst and Luther, Wolfram},
  booktitle={2013 IEEE 13th International Conference on Advanced Learning Technologies},
  pages={476--477},
  year={2013},
  publisher={IEEE}
}

@article{bers2008blocks,
  title={Blocks to robots: Learning with technology in the early childhood classroom},
  author={Bers, Marina Umaschi},
  year={2008},
  publisher={Teachers College Press}
}

@inproceedings{strawhacker2015constructionism,
  title={What is the role of constructionism in the learning of young children? Constructionism and creativity},
  author={Strawhacker, Amanda and Bers, Marina Umaschi},
  booktitle={Proceedings of the 14th International Conference on Interaction Design and Children},
  pages={340--343},
  year={2015}
}

@article{maloney2010scratch,
  title={The Scratch programming language and environment},
  author={Maloney, John and Resnick, Mitchel and Rusk, Natalie and Silverman, Brian and Eastmond, Evelyn},
  journal={ACM Transactions on Computing Education},
  volume={10},
  number={4},
  pages={1--15},
  year={2010},
  publisher={ACM}
}

@inproceedings{weintrop2016defining,
  title={Defining computational thinking for mathematics and science classrooms},
  author={Weintrop, David and Beheshti, Elham and Horn, Michael and Orton, Kai and Jona, Kemi and Trouille, Laura and Wilensky, Uri},
  booktitle={Journal of science education and technology},
  volume={25},
  number={1},
  pages={127--147},
  year={2016},
  publisher={Springer}
}

@article{brennan2012new,
  title={New frameworks for studying and assessing the development of computational thinking},
  author={Brennan, Karen and Resnick, Mitchel},
  journal={Proceedings of the 2012 annual meeting of the American educational research association},
  volume={1},
  pages={1--25},
  year={2012}
}

@inproceedings{sobel2012glurch,
  title={Glurch: encouraging physical collaboration in a tangible programming activity},
  author={Sobel, Kimiko and Zhu, Fangjun and Forlizzi, Jodi and Lee, Johnny Chung},
  booktitle={Proceedings of the 11th International Conference on Interaction Design and Children},
  pages={240--243},
  year={2012}
}